@book{textbook,
author= {Figliola, R.S. and Beasley, D.E.},
title={Theory and Design for Mechanical Measurements},
publisher={Wiley},
year = 2020
}